@inproceedings{nister_vocabulary_tree,
  title={Scalable recognition with a vocabulary tree},
  author={Nister, David and Stewenius, Henrik},
  booktitle={Computer vision and pattern recognition, 2006 IEEE computer society conference on},
  volume={2},
  pages={2161--2168},
  year={2006},
  organization={IEEE}
}
@inproceedings{wang_contextual_weighting_vt,
  title={Contextual weighting for vocabulary tree based image retrieval},
  author={Wang, Xiaoyu and Yang, Ming and Cour, Timothee and Zhu, Shenghuo and Yu, Kai and Han, Tony X},
  booktitle={Computer Vision (ICCV), 2011 IEEE International Conference on},
  pages={209--216},
  year={2011},
  organization={IEEE}
}
@article{mobile_visual_search,
  title={Mobile visual search: Architectures, technologies, and the emerging MPEG standard},
  author={Girod, Bernd and Chandrasekhar, Vijay and Grzeszczuk, Radek and Reznik, Yuriy A},
  journal={MultiMedia, IEEE},
  volume={18},
  number={3},
  pages={86--94},
  year={2011},
  publisher={IEEE}
}
@thesis {Onur_Calikus_YLT,
author = {Onur Calikus},
title = {YEREL ÖZN\.ITEL\.IKLER KULLANILARAK GÖRÜNTÜ \.INDEKSLEME VE
EŞLEME},
year = {2016},
school = {Istanbul Technichal Unviersity}
}





%----------------------------------------------------------------------
%----------------------------template----------------------------------
%----------------------------------------------------------------------

@conference {abrahart98,
author = {Abrahart, Robert J. and See, Linda},
title = {Neural Network vs. ARMA Modelling:
Constructing Benchmark Case Studies of River Flow Prediction},
booktitle = {Proceedings of the Third International
Conference on GeoComputation},
year = {1998},
month = {September},
address = {University of Bristol, United Kingdom}}
@conference {acar97,
author = {Acar, M. H. and Yılmaz, P.}, 
title = {Effect of tetramethylthiuramdisulfide on the
cationic poymerization of cylohexeneoxide},
booktitle = {The 2nd International
Conferences on Advanced Polymers via Macromolecular
Engineering},
year = {1997},
month = {April},
address= {Orlando, Florida, USA}}
@inbook {moore91,
year = {1991},
author = {Moore, C.},
title = {Encyclopedia of chemical technology, Mass spectrometry},
publisher = {Wiley},
address = {New York},
edition = {4.}}
@misc {sisaky,
author = {Sisaky, A., Golab, F. and Myer, B.},
year = {1989},
title = {Rust resistant potatoes},
howpublished = {United Kingdom Patent, No: 2394783 dated 23.1.1989.}}
@misc {simpsondvd,
author = {Simpson, B.},
year = {(Producer)2004},
title = {The Corporation [DVD]},
howpublished = {Canada: Big Picture Media
Corporation.}}
@misc{startrek,
  author = {{Star trek planet classifications}},
  howpublished = "\url{http://en.wikipedia.org/wiki/Star_Trek_planet_classifications}",
  note = {Al\i nd\i \u{g}{\i} tarih: 07.06.2010}}
@misc{url-1,
author = {Url-1},
howpublished = "\url{http://www.mohid.com}",
note = {al\i nd\i \u{g}{\i} tarih: 29.06.2006}}
@book{Box:1990:TSA:574978,
 author = {Box, George Edward Pelham and Jenkins, Gwilym},
 title = {Time Series Analysis, Forecasting and Control},
 year = {1990},
 isbn = {0816211043},
 publisher = {Holden-Day, Incorporated},
}}
@Misc{lepichon,
  author = {LePichon, X.},
  howpublished      = 	 {Personal communication},
  year = {1997}}