@inproceedings{alexnet,
  title={Imagenet classification with deep convolutional neural networks},
  author={Krizhevsky, Alex and Sutskever, Ilya and Hinton, Geoffrey E},
  booktitle={Advances in neural information processing systems},
  pages={1097--1105},
  year={2012}
}
@article{oneshotlearning1,
  title={Matching Networks for One Shot Learning},
  author={Vinyals, Oriol and Blundell, Charles and Lillicrap, Timothy and Kavukcuoglu, Koray and Wierstra, Daan},
  journal={arXiv preprint arXiv:1606.04080},
  year={2016}
}
@article{oneshotlearning2,
  title={One-Shot Generalization in Deep Generative Models},
  author={Rezende, Danilo Jimenez and Mohamed, Shakir and Danihelka, Ivo and Gregor, Karol and Wierstra, Daan},
  journal={arXiv preprint arXiv:1603.05106},
  year={2016}
}
@article{oneshotlearning3,
  title={One-shot Learning with Memory-Augmented Neural Networks},
  author={Santoro, Adam and Bartunov, Sergey and Botvinick, Matthew and Wierstra, Daan and Lillicrap, Timothy},
  journal={arXiv preprint arXiv:1605.06065},
  year={2016}
}

@inproceedings{stanfordmobileimages,
  title={The stanford mobile visual search data set},
  author={Chandrasekhar, Vijay R and Chen, David M and Tsai, Sam S and Cheung, Ngai-Man and Chen, Huizhong and Takacs, Gabriel and Reznik, Yuriy and Vedantham, Ramakrishna and Grzeszczuk, Radek and Bach, Jeff and others},
  booktitle={Proceedings of the second annual ACM conference on Multimedia systems},
  pages={117--122},
  year={2011},
  organization={ACM}
}
@thesis {Onur_Calikus_YLT,
author = {Onur Calikus},
title = {YEREL ÖZN\.ITEL\.IKLER KULLANILARAK GÖRÜNTÜ \.INDEKSLEME VE
EŞLEME},
year = {2016},
school = {Istanbul Technichal Unviersity}
}
@inproceedings{SIFT,
  title={Object recognition from local scale-invariant features},
  author={Lowe, David G},
  booktitle={Computer vision, 1999. The proceedings of the seventh IEEE international conference on},
  volume={2},
  pages={1150--1157},
  year={1999},
  organization={Ieee}
}
@inproceedings{vocabulary_tree,
  title={Scalable recognition with a vocabulary tree},
  author={Nister, David and Stewenius, Henrik},
  booktitle={Computer vision and pattern recognition, 2006 IEEE computer society conference on},
  volume={2},
  pages={2161--2168},
  year={2006},
  organization={IEEE}
}
@article{augmented_deep,
  title={Deep Learning for Single-View Instance Recognition},
  author={Held, David and Thrun, Sebastian and Savarese, Silvio},
  journal={arXiv preprint arXiv:1507.08286},
  year={2015}
}
@inproceedings{transfer_learning1,
  title={Learning mid-level features for recognition},
  author={Boureau, Y-Lan and Bach, Francis and LeCun, Yann and Ponce, Jean},
  booktitle={Computer Vision and Pattern Recognition (CVPR), 2010 IEEE Conference on},
  pages={2559--2566},
  year={2010},
  organization={IEEE}
}
@inproceedings{transfer_learning2,
  title={DeCAF: A Deep Convolutional Activation Feature for Generic Visual Recognition.},
  author={Donahue, Jeff and Jia, Yangqing and Vinyals, Oriol and Hoffman, Judy and Zhang, Ning and Tzeng, Eric and Darrell, Trevor},
  booktitle={ICML},
  pages={647--655},
  year={2014}
}

@inproceedings{transfer_learning3,
  title={CNN features off-the-shelf: an astounding baseline for recognition},
  author={Sharif Razavian, Ali and Azizpour, Hossein and Sullivan, Josephine and Carlsson, Stefan},
  booktitle={Proceedings of the IEEE Conference on Computer Vision and Pattern Recognition Workshops},
  pages={806--813},
  year={2014}
}

@inproceedings{CNN,
  title={Imagenet classification with deep convolutional neural networks},
  author={Krizhevsky, Alex and Sutskever, Ilya and Hinton, Geoffrey E},
  booktitle={Advances in neural information processing systems},
  pages={1097--1105},
  year={2012}
}
@inproceedings{LeNet,
  title={Comparison of learning algorithms for handwritten digit recognition},
  author={LeCun, Yann and Jackel, LD and Bottou, Leon and Brunot, A and Cortes, Corinna and Denker, JS and Drucker, Harris and Guyon, I and Muller, UA and Sackinger, Eduard and others},
  booktitle={International conference on artificial neural networks},
  volume={60},
  pages={53--60},
  year={1995}
}
@article{VGGNet,
  title={Very deep convolutional networks for large-scale image recognition},
  author={Simonyan, Karen and Zisserman, Andrew},
  journal={arXiv preprint arXiv:1409.1556},
  year={2014}
}
@inproceedings{GoogLeNet,
  title={Going deeper with convolutions},
  author={Szegedy, Christian and Liu, Wei and Jia, Yangqing and Sermanet, Pierre and Reed, Scott and Anguelov, Dragomir and Erhan, Dumitru and Vanhoucke, Vincent and Rabinovich, Andrew},
  booktitle={Proceedings of the IEEE Conference on Computer Vision and Pattern Recognition},
  pages={1--9},
  year={2015}
}
@article{ResNet,
  title={Deep residual learning for image recognition},
  author={He, Kaiming and Zhang, Xiangyu and Ren, Shaoqing and Sun, Jian},
  journal={arXiv preprint arXiv:1512.03385},
  year={2015}
}
@article{tensorflow,
  title={Tensorflow: Large-scale machine learning on heterogeneous distributed systems},
  author={Abadi, Mart{\i}n and Agarwal, Ashish and Barham, Paul and Brevdo, Eugene and Chen, Zhifeng and Citro, Craig and Corrado, Greg S and Davis, Andy and Dean, Jeffrey and Devin, Matthieu and others},
  journal={arXiv preprint arXiv:1603.04467},
  year={2016}
}
@article{theano,
  title={Theano: A Python framework for fast computation of mathematical expressions},
  author={Team, The Theano Development and Al-Rfou, Rami and Alain, Guillaume and Almahairi, Amjad and Angermueller, Christof and Bahdanau, Dzmitry and Ballas, Nicolas and Bastien, Fr{\'e}d{\'e}ric and Bayer, Justin and Belikov, Anatoly and others},
  journal={arXiv preprint arXiv:1605.02688},
  year={2016}
}
@article{caffe,
  Author = {Jia, Yangqing and Shelhamer, Evan and Donahue, Jeff and Karayev, Sergey and Long, Jonathan and Girshick, Ross and Guadarrama, Sergio and Darrell, Trevor},
  Journal = {arXiv preprint arXiv:1408.5093},
  Title = {Caffe: Convolutional Architecture for Fast Feature Embedding},
  Year = {2014}
}
@inproceedings{torch,
  title={Torch7: A matlab-like environment for machine learning},
  author={Collobert, Ronan and Kavukcuoglu, Koray and Farabet, Cl{\'e}ment},
  booktitle={BigLearn, NIPS Workshop},
  number={EPFL-CONF-192376},
  year={2011}
}



